
@article{Mild1,
	author    = {D. Porter},
	title     = {The mild-slope equations: a unified theory},
	journal   = {},
	volume    = {},
	year      = {2020},
	url       = {https://www.cambridge.org/core/journals/journal-of-fluid-mechanics/article/mildslope-equations-a-unified-theory/9BD1AF9A631297264C003211024DF710},
	archivePrefix = {},
	eprint    = {},
	timestamp = {},
	biburl    = {},
	bibsource = {}
}

@article{Mild2,
	author    = {D. Porter},
	title     = {The mild-slope equations},
	journal   = {},
	volume    = {},
	year      = {2003},
	url       = {https://www.cambridge.org/core/journals/journal-of-fluid-mechanics/article/mildslope-equations/6C4E03E11A0189116A353EAFA3BF5A05},
	archivePrefix = {},
	eprint    = {},
	timestamp = {},
	biburl    = {},
	bibsource = {}
}


@article{Mild3,
	author    = {P.G Chamberlain and D. Porter},
	title     = {The modified mild-slope equation},
	journal   = {},
	volume    = {},
	year      = {1995},
	url       = {https://www.cambridge.org/core/journals/journal-of-fluid-mechanics/article/modified-mildslope-equation/B38A63443C51692DCCFC6C85796D5ACD},
	archivePrefix = {},
	eprint    = {},
	timestamp = {},
	biburl    = {},
	bibsource = {}
}

@article{Mild4,
	author    = {ASU Ä°NAN and LALE BALA},
	title     = {Numerical Modeling of Mild Slope Equation  with Finite Volume Method},
	journal   = {},
	volume    = {},
	year      = {2008},
	url       = {https://www.researchgate.net/publication/262323219_Numerical_modeling_of_mild_slope_equation_with_finite_volume_method},
	archivePrefix = {},
	eprint    = {},
	timestamp = {},
	biburl    = {},
	bibsource = {}
}