@article{ADN_RF,
	author    = {Changchuan Yin and
		Jiasong Wang},
	title     = {A Novel Method for Comparative Analysis of {DNA} Sequences by Ramanujan-Fourier
		Transform},
	journal   = {CoRR},
	volume    = {abs/1403.1523},
	year      = {2014},
	url       = {http://arxiv.org/abs/1403.1523},
	archivePrefix = {arXiv},
	eprint    = {1403.1523},
	timestamp = {Mon, 13 Aug 2018 16:49:02 +0200},
	biburl    = {https://dblp.org/rec/journals/corr/YinW14.bib},
	bibsource = {dblp computer science bibliography, https://dblp.org}
}



@article{ADN_DFT,
	title = {A measure of DNA sequence similarity by Fourier Transform with applications on hierarchical clustering},
	journal = {Journal of Theoretical Biology},
	volume = {359},
	pages = {18-28},
	year = {2014},
	issn = {0022-5193},
	doi = {https://doi.org/10.1016/j.jtbi.2014.05.043},
	url = {https://www.sciencedirect.com/science/article/pii/S0022519314003324},
	author = {Changchuan Yin and Ying Chen and Stephen S.-T. Yau},
	keywords = {Genome, Similarity distance, Phylogenetic trees, Even scaling},
	abstract = {Multiple sequence alignment (MSA) is a prominent method for classification of DNA sequences, yet it is hampered with inherent limitations in computational complexity. Alignment-free methods have been developed over past decade for more efficient comparison and classification of DNA sequences than MSA. However, most alignmen.}
}

@inproceedings{RF_Thesis,
	title={Ramanujan-Fourier Series and Applications},
	author={Ryan Case},
	year={2013}
}


@book{bergounioux, 
	title = {Introduction au traitement mathématique des images—méthodes déterministes},
	
	book = {Mathématiques \& Applications (Berlin) [Mathematics \& Applications], 76. Springer, Heidelberg, 2015. xvii+241 pp. }}

@book{baudoin,
	author = { G. BAUDOIN et J.-F. BERCHER},
	title = { Transformée de Fourier discrète}, ESIEE, date = {Novembre 2001, 14/03/2021 [dernière consultation].},
	url = {https://perso.esiee.fr/$\sim$bercherj/New/polys/poly\_tfd.pdf}}

@book{Malg,
	author = {F. Malgouyres},
	title =  {Signal, Fourier, Image. Université de Toulouse, 14/03/2021 [dernière consultation]. \\Disponible à https://www.math.univ-toulouse.fr/\~fmalgouy/enseignement/downloadSfi/poly\_sfi.pdf}}

@book{SF,
	author = {François de Marçay},
	title = {Séries de Fourier - Université de Paris Sud, Département de mathématiques d'Orsay},
	date = {Université de Paris Sud - Département de mathématiques d'Orsay},
}
