
@article{2020-Fast-fluid-sim,
	author    = {Kui Wu, Nghia Truong, Cem Yuksel, Rama Hoetzlein},
	title     = {Fast Fluid Simulations with Sparse Volumes on the GPU},
	year      = {2020},
	url       = {https://www.researchgate.net/publication/325488464_Fast_Fluid_Simulations_with_Sparse_Volumes_on_the_GPU},
	abstract = {The article proves that older method to solve PDEs are not worn-out. It is more focused on the visual aspect but one could be interested in its way to modelise water particles, and pararellize the computation.}
}
