
@article{2021-brunton-potential,
	author    = {Ricardo Vinuesa, Steven L. Brunton},
	title     = {The Potential of Machine Learning to Enhance Computational Fluid Dynamics},
	year      = {2021},
	url       = {https://arxiv.org/abs/2110.02085},
	abstract = {There is not only one way to accelerate the resolution of PDEs. A large range of methods to do it is explained here as well as the pros and cons of each of them.}
}
